@article{ExactHD,
  title={Generalized string matching},
  author={Abrahamson, Karl},
  journal={SIAM journal on Computing},
  volume={16},
  number={6},
  pages={1039--1051},
  year={1987},
  publisher={SIAM}
}

@inproceedings{ApproxHD,
  title={A Simple Algorithm for Approximating the Text-To-Pattern Hamming Distance},
  author={Kopelowitz, Tsvi and Porat, Ely},
  booktitle={OASIcs-OpenAccess Series in Informatics},
  volume={61},
  year={2018},
  organization={Schloss Dagstuhl-Leibniz-Zentrum fuer Informatik}
}

@article{WC,
  title={Simple deterministic wildcard matching},
  author={Clifford, Peter and Clifford, Rapha{\"e}l},
  journal={Information Processing Letters},
  volume={101},
  number={2},
  pages={53--54},
  year={2007},
  publisher={Elsevier Science}
}

@article{Kangaroo,
  title={Efficient string matching with k mismatches},
  author={Landau, Gad M and Vishkin, Uzi},
  journal={Theoretical Computer Science},
  volume={43},
  pages={239--249},
  year={1986},
  publisher={Elsevier}
}

@article{Kmism2,
  title={Faster algorithms for string matching with k mismatches},
  author={Amir, Amihood and Lewenstein, Moshe and Porat, Ely},
  journal={Journal of Algorithms},
  volume={50},
  number={2},
  pages={257--275},
  year={2004},
  publisher={Elsevier}
}

@inproceedings{Kmism3,
  title={Towards Unified Approximate Pattern Matching for Hamming and L\_1 Distance},
  author={Gawrychowski, Pawel and Uznanski, Przemyslaw},
  booktitle={LIPIcs-Leibniz International Proceedings in Informatics},
  volume={107},
  year={2018},
  organization={Schloss Dagstuhl-Leibniz-Zentrum fuer Informatik}
}



FFT/convolution Libraries

@Article{FFTW05,
  author = 	 {Frigo, Matteo and Johnson, Steven~G.},
  title = 	 {The Design and Implementation of {FFTW3}},
  journal = 	 {Proceedings of the IEEE},
  year = 	 2005,
  volume =	 93,
  number =	 2,
  pages =	 {216--231},
  note =	 {Special issue on ``Program Generation, Optimization, and Platform Adaptation''}
}

@inproceedings{Hart2010,
    author = {W. B. Hart},
    title = {Fast Library for Number Theory: An Introduction},
    booktitle = {Proceedings of the Third International Congress on Mathematical Software},
    series = {ICMS'10},
    year = {2010},
    location = {Kobe, Japan},
    pages = {88--91},
    numpages = {4},
    publisher = {Springer-Verlag},
    address = {Berlin, Heidelberg},
    url = {http://flintlib.org}
}

@misc{alglib,
	author = {Sergey Bochkanov},
	url = {www.alglib.net},
	note = {Accessed: 2018-12-06}
}

@misc{geek,
author = {Prakhar Agrawal},
url = {https://www.geeksforgeeks.org/%C2%AD%C2%ADkasais-algorithm-for-construction-of-lcp-array-from-suffix-array/},
note = {Accessed: 2019-09-02}
}